%YAML 1.1
%TAG !u! tag:unity3d.com,2011:
--- !u!1 &3963501065579725035
GameObject:
  m_ObjectHideFlags: 0
  m_CorrespondingSourceObject: {fileID: 0}
  m_PrefabInstance: {fileID: 0}
  m_PrefabAsset: {fileID: 0}
  serializedVersion: 6
  m_Component:
  - component: {fileID: 7586275263083388767}
  - component: {fileID: 5633306616557802483}
  m_Layer: 0
  m_Name: Step_GoldenBlood
  m_TagString: Untagged
  m_Icon: {fileID: 0}
  m_NavMeshLayer: 0
  m_StaticEditorFlags: 0
  m_IsActive: 1
--- !u!4 &7586275263083388767
Transform:
  m_ObjectHideFlags: 0
  m_CorrespondingSourceObject: {fileID: 0}
  m_PrefabInstance: {fileID: 0}
  m_PrefabAsset: {fileID: 0}
  m_GameObject: {fileID: 3963501065579725035}
  m_LocalRotation: {x: 0, y: 0, z: 0, w: 1}
  m_LocalPosition: {x: 0, y: 0, z: 0}
  m_LocalScale: {x: 1, y: 1, z: 1}
  m_Children: []
  m_Father: {fileID: 6344144213363781076}
  m_RootOrder: 6
  m_LocalEulerAnglesHint: {x: 0, y: 0, z: 0}
--- !u!114 &5633306616557802483
MonoBehaviour:
  m_ObjectHideFlags: 0
  m_CorrespondingSourceObject: {fileID: 0}
  m_PrefabInstance: {fileID: 0}
  m_PrefabAsset: {fileID: 0}
  m_GameObject: {fileID: 3963501065579725035}
  m_Enabled: 1
  m_EditorHideFlags: 0
  m_Script: {fileID: 11500000, guid: db25c7719bd1e4a499b20ac404387463, type: 3}
  m_Name: 
  m_EditorClassIdentifier: 
  title: Golden blood cells
  image: {fileID: 21300000, guid: 7e45757280e78af4c930e7648a24022b, type: 3}
  explanation: 'Golden blood cells spawn very rarely.

    This kind of blood cell
    is 5x as effective as normal blood cells!'
  shown: 0
  chainNextTutorial: {fileID: 0}
--- !u!1 &6344144212886430764
GameObject:
  m_ObjectHideFlags: 0
  m_CorrespondingSourceObject: {fileID: 0}
  m_PrefabInstance: {fileID: 0}
  m_PrefabAsset: {fileID: 0}
  serializedVersion: 6
  m_Component:
  - component: {fileID: 6344144212886430765}
  - component: {fileID: 6344144212886430766}
  m_Layer: 0
  m_Name: Step_Introduction_2
  m_TagString: Untagged
  m_Icon: {fileID: 0}
  m_NavMeshLayer: 0
  m_StaticEditorFlags: 0
  m_IsActive: 1
--- !u!4 &6344144212886430765
Transform:
  m_ObjectHideFlags: 0
  m_CorrespondingSourceObject: {fileID: 0}
  m_PrefabInstance: {fileID: 0}
  m_PrefabAsset: {fileID: 0}
  m_GameObject: {fileID: 6344144212886430764}
  m_LocalRotation: {x: 0, y: 0, z: 0, w: 1}
  m_LocalPosition: {x: 0, y: 0, z: 0}
  m_LocalScale: {x: 1, y: 1, z: 1}
  m_Children: []
  m_Father: {fileID: 6344144213363781076}
  m_RootOrder: 1
  m_LocalEulerAnglesHint: {x: 0, y: 0, z: 0}
--- !u!114 &6344144212886430766
MonoBehaviour:
  m_ObjectHideFlags: 0
  m_CorrespondingSourceObject: {fileID: 0}
  m_PrefabInstance: {fileID: 0}
  m_PrefabAsset: {fileID: 0}
  m_GameObject: {fileID: 6344144212886430764}
  m_Enabled: 1
  m_EditorHideFlags: 0
  m_Script: {fileID: 11500000, guid: db25c7719bd1e4a499b20ac404387463, type: 3}
  m_Name: 
  m_EditorClassIdentifier: 
  title: Introduction (2/3)
  image: {fileID: 21300000, guid: 7a9418a5871c4ec46b7b7435b32c21d0, type: 3}
  explanation: 'You can guide blood cells with your mouse (hold right click).


    You
    can move the camera around with WASD.'
  shown: 0
  chainNextTutorial: {fileID: 6344144213699165523}
--- !u!1 &6344144212924679863
GameObject:
  m_ObjectHideFlags: 0
  m_CorrespondingSourceObject: {fileID: 0}
  m_PrefabInstance: {fileID: 0}
  m_PrefabAsset: {fileID: 0}
  serializedVersion: 6
  m_Component:
  - component: {fileID: 6344144212924679856}
  - component: {fileID: 6344144212924679857}
  m_Layer: 0
  m_Name: Step_Bacteria
  m_TagString: Untagged
  m_Icon: {fileID: 0}
  m_NavMeshLayer: 0
  m_StaticEditorFlags: 0
  m_IsActive: 1
--- !u!4 &6344144212924679856
Transform:
  m_ObjectHideFlags: 0
  m_CorrespondingSourceObject: {fileID: 0}
  m_PrefabInstance: {fileID: 0}
  m_PrefabAsset: {fileID: 0}
  m_GameObject: {fileID: 6344144212924679863}
  m_LocalRotation: {x: 0, y: 0, z: 0, w: 1}
  m_LocalPosition: {x: 0, y: 0, z: 0}
  m_LocalScale: {x: 1, y: 1, z: 1}
  m_Children: []
  m_Father: {fileID: 6344144213363781076}
  m_RootOrder: 4
  m_LocalEulerAnglesHint: {x: 0, y: 0, z: 0}
--- !u!114 &6344144212924679857
MonoBehaviour:
  m_ObjectHideFlags: 0
  m_CorrespondingSourceObject: {fileID: 0}
  m_PrefabInstance: {fileID: 0}
  m_PrefabAsset: {fileID: 0}
  m_GameObject: {fileID: 6344144212924679863}
  m_Enabled: 1
  m_EditorHideFlags: 0
  m_Script: {fileID: 11500000, guid: db25c7719bd1e4a499b20ac404387463, type: 3}
  m_Name: 
  m_EditorClassIdentifier: 
  title: Bacteria
  image: {fileID: 21300000, guid: ff71a5a24b738cf4d9f6bb61b9918f8e, type: 3}
  explanation: 'Bacteria can be killed by left clicking on them.

    Bacteria also
    take damage when colliding with bloodcells.'
  shown: 0
  chainNextTutorial: {fileID: 0}
--- !u!1 &6344144213363781067
GameObject:
  m_ObjectHideFlags: 0
  m_CorrespondingSourceObject: {fileID: 0}
  m_PrefabInstance: {fileID: 0}
  m_PrefabAsset: {fileID: 0}
  serializedVersion: 6
  m_Component:
  - component: {fileID: 6344144213363781076}
  - component: {fileID: 6344144213363781077}
  m_Layer: 0
  m_Name: TutorialManager
  m_TagString: Untagged
  m_Icon: {fileID: 0}
  m_NavMeshLayer: 0
  m_StaticEditorFlags: 0
  m_IsActive: 1
--- !u!4 &6344144213363781076
Transform:
  m_ObjectHideFlags: 0
  m_CorrespondingSourceObject: {fileID: 0}
  m_PrefabInstance: {fileID: 0}
  m_PrefabAsset: {fileID: 0}
  m_GameObject: {fileID: 6344144213363781067}
  m_LocalRotation: {x: 0, y: 0, z: 0, w: 1}
  m_LocalPosition: {x: 540, y: 267.52002, z: 0}
  m_LocalScale: {x: 1, y: 1, z: 1}
  m_Children:
  - {fileID: 6344144213871978158}
  - {fileID: 6344144212886430765}
  - {fileID: 6344144213699165522}
  - {fileID: 6344144214628429231}
  - {fileID: 6344144212924679856}
  - {fileID: 6344144213671860985}
  - {fileID: 7586275263083388767}
  m_Father: {fileID: 0}
  m_RootOrder: 0
  m_LocalEulerAnglesHint: {x: 0, y: 0, z: 0}
--- !u!114 &6344144213363781077
MonoBehaviour:
  m_ObjectHideFlags: 0
  m_CorrespondingSourceObject: {fileID: 0}
  m_PrefabInstance: {fileID: 0}
  m_PrefabAsset: {fileID: 0}
  m_GameObject: {fileID: 6344144213363781067}
  m_Enabled: 1
  m_EditorHideFlags: 0
  m_Script: {fileID: 11500000, guid: 51ad73df5605c19478a90916cb22afa2, type: 3}
  m_Name: 
  m_EditorClassIdentifier: 
  active: 1
  uiPanel: {fileID: 0}
  uiTitle: {fileID: 0}
  uiImage: {fileID: 0}
  uiExplanation: {fileID: 0}
--- !u!1 &6344144213671860984
GameObject:
  m_ObjectHideFlags: 0
  m_CorrespondingSourceObject: {fileID: 0}
  m_PrefabInstance: {fileID: 0}
  m_PrefabAsset: {fileID: 0}
  serializedVersion: 6
  m_Component:
  - component: {fileID: 6344144213671860985}
  - component: {fileID: 6344144213671860986}
  m_Layer: 0
  m_Name: Step_Viruses
  m_TagString: Untagged
  m_Icon: {fileID: 0}
  m_NavMeshLayer: 0
  m_StaticEditorFlags: 0
  m_IsActive: 1
--- !u!4 &6344144213671860985
Transform:
  m_ObjectHideFlags: 0
  m_CorrespondingSourceObject: {fileID: 0}
  m_PrefabInstance: {fileID: 0}
  m_PrefabAsset: {fileID: 0}
  m_GameObject: {fileID: 6344144213671860984}
  m_LocalRotation: {x: 0, y: 0, z: 0, w: 1}
  m_LocalPosition: {x: 0, y: 0, z: 0}
  m_LocalScale: {x: 1, y: 1, z: 1}
  m_Children: []
  m_Father: {fileID: 6344144213363781076}
  m_RootOrder: 5
  m_LocalEulerAnglesHint: {x: 0, y: 0, z: 0}
--- !u!114 &6344144213671860986
MonoBehaviour:
  m_ObjectHideFlags: 0
  m_CorrespondingSourceObject: {fileID: 0}
  m_PrefabInstance: {fileID: 0}
  m_PrefabAsset: {fileID: 0}
  m_GameObject: {fileID: 6344144213671860984}
  m_Enabled: 1
  m_EditorHideFlags: 0
  m_Script: {fileID: 11500000, guid: db25c7719bd1e4a499b20ac404387463, type: 3}
  m_Name: 
  m_EditorClassIdentifier: 
  title: Viruses
  image: {fileID: 21300000, guid: bb8615258676ebf45ae6e335966b71bf, type: 3}
  explanation: "Viruses will evolve after entering the body.\nYou can only kill them
    when they have evolved their purple spikes (left click on them).\n\nBlood cells
    will also damage viruses, but they are very tough. \nEvolved viruses can connect
    to each other and clog up your vessels!"
  shown: 0
  chainNextTutorial: {fileID: 0}
--- !u!1 &6344144213699165521
GameObject:
  m_ObjectHideFlags: 0
  m_CorrespondingSourceObject: {fileID: 0}
  m_PrefabInstance: {fileID: 0}
  m_PrefabAsset: {fileID: 0}
  serializedVersion: 6
  m_Component:
  - component: {fileID: 6344144213699165522}
  - component: {fileID: 6344144213699165523}
  m_Layer: 0
  m_Name: Step_Introduction_3
  m_TagString: Untagged
  m_Icon: {fileID: 0}
  m_NavMeshLayer: 0
  m_StaticEditorFlags: 0
  m_IsActive: 1
--- !u!4 &6344144213699165522
Transform:
  m_ObjectHideFlags: 0
  m_CorrespondingSourceObject: {fileID: 0}
  m_PrefabInstance: {fileID: 0}
  m_PrefabAsset: {fileID: 0}
  m_GameObject: {fileID: 6344144213699165521}
  m_LocalRotation: {x: 0, y: 0, z: 0, w: 1}
  m_LocalPosition: {x: 0, y: 0, z: 0}
  m_LocalScale: {x: 1, y: 1, z: 1}
  m_Children: []
  m_Father: {fileID: 6344144213363781076}
  m_RootOrder: 2
  m_LocalEulerAnglesHint: {x: 0, y: 0, z: 0}
--- !u!114 &6344144213699165523
MonoBehaviour:
  m_ObjectHideFlags: 0
  m_CorrespondingSourceObject: {fileID: 0}
  m_PrefabInstance: {fileID: 0}
  m_PrefabAsset: {fileID: 0}
  m_GameObject: {fileID: 6344144213699165521}
  m_Enabled: 1
  m_EditorHideFlags: 0
  m_Script: {fileID: 11500000, guid: db25c7719bd1e4a499b20ac404387463, type: 3}
  m_Name: 
  m_EditorClassIdentifier: 
  title: Introduction (3/3)
  image: {fileID: 21300000, guid: 742cc2445b6987140b3cca9a29a3a427, type: 3}
  explanation: 'Enemies like bacteria or viruses will enter the body when injuries
    appear.

    They will damage the body until the blood cells take care of them.

    You
    can also click on them to damage them (left click)!'
  shown: 0
  chainNextTutorial: {fileID: 0}
--- !u!1 &6344144213871978157
GameObject:
  m_ObjectHideFlags: 0
  m_CorrespondingSourceObject: {fileID: 0}
  m_PrefabInstance: {fileID: 0}
  m_PrefabAsset: {fileID: 0}
  serializedVersion: 6
  m_Component:
  - component: {fileID: 6344144213871978158}
  - component: {fileID: 6344144213871978159}
  m_Layer: 0
  m_Name: Step_Introduction_1
  m_TagString: Untagged
  m_Icon: {fileID: 0}
  m_NavMeshLayer: 0
  m_StaticEditorFlags: 0
  m_IsActive: 1
--- !u!4 &6344144213871978158
Transform:
  m_ObjectHideFlags: 0
  m_CorrespondingSourceObject: {fileID: 0}
  m_PrefabInstance: {fileID: 0}
  m_PrefabAsset: {fileID: 0}
  m_GameObject: {fileID: 6344144213871978157}
  m_LocalRotation: {x: 0, y: 0, z: 0, w: 1}
  m_LocalPosition: {x: 0, y: 0, z: 0}
  m_LocalScale: {x: 1, y: 1, z: 1}
  m_Children: []
  m_Father: {fileID: 6344144213363781076}
  m_RootOrder: 0
  m_LocalEulerAnglesHint: {x: 0, y: 0, z: 0}
--- !u!114 &6344144213871978159
MonoBehaviour:
  m_ObjectHideFlags: 0
  m_CorrespondingSourceObject: {fileID: 0}
  m_PrefabInstance: {fileID: 0}
  m_PrefabAsset: {fileID: 0}
  m_GameObject: {fileID: 6344144213871978157}
  m_Enabled: 1
  m_EditorHideFlags: 0
  m_Script: {fileID: 11500000, guid: db25c7719bd1e4a499b20ac404387463, type: 3}
  m_Name: 
  m_EditorClassIdentifier: 
  title: Introduction (1/3)
  image: {fileID: 21300000, guid: 384ff72a97c00dd40ae27874c8d1fabd, type: 3}
  explanation: 'Your main goal is to defend your body as long as possible.


    Move
    blood cells to the injured locations to defeat intruders and heal the wounds.

    You
    get damaged when enemies enter the heart.'
  shown: 0
  chainNextTutorial: {fileID: 6344144212886430766}
--- !u!1 &6344144214628429230
GameObject:
  m_ObjectHideFlags: 0
  m_CorrespondingSourceObject: {fileID: 0}
  m_PrefabInstance: {fileID: 0}
  m_PrefabAsset: {fileID: 0}
  serializedVersion: 6
  m_Component:
  - component: {fileID: 6344144214628429231}
  - component: {fileID: 6344144214628429224}
  m_Layer: 0
  m_Name: Step_MessengerSubstances
  m_TagString: Untagged
  m_Icon: {fileID: 0}
  m_NavMeshLayer: 0
  m_StaticEditorFlags: 0
  m_IsActive: 1
--- !u!4 &6344144214628429231
Transform:
  m_ObjectHideFlags: 0
  m_CorrespondingSourceObject: {fileID: 0}
  m_PrefabInstance: {fileID: 0}
  m_PrefabAsset: {fileID: 0}
  m_GameObject: {fileID: 6344144214628429230}
  m_LocalRotation: {x: 0, y: 0, z: 0, w: 1}
  m_LocalPosition: {x: 0, y: 0, z: 0}
  m_LocalScale: {x: 1, y: 1, z: 1}
  m_Children: []
  m_Father: {fileID: 6344144213363781076}
  m_RootOrder: 3
  m_LocalEulerAnglesHint: {x: 0, y: 0, z: 0}
--- !u!114 &6344144214628429224
MonoBehaviour:
  m_ObjectHideFlags: 0
  m_CorrespondingSourceObject: {fileID: 0}
  m_PrefabInstance: {fileID: 0}
  m_PrefabAsset: {fileID: 0}
  m_GameObject: {fileID: 6344144214628429230}
  m_Enabled: 1
  m_EditorHideFlags: 0
  m_Script: {fileID: 11500000, guid: db25c7719bd1e4a499b20ac404387463, type: 3}
  m_Name: 
  m_EditorClassIdentifier: 
  title: Messenger Substances
  image: {fileID: 21300000, guid: b5199db7e7e14ad4dbd310b7c8a5ee01, type: 3}
  explanation: 'Every injury will emit messenger substances.

    They cause no harm,
    they are faster than other substances and can show you the way to an injury!
    (Click onto them)'
  shown: 0
  chainNextTutorial: {fileID: 6344144212924679857}
